@inproceedings{DBLP:conf/pldi/KangHMGZV15,
  author    = {Jeehoon Kang and
               Chung{-}Kil Hur and
               William Mansky and
               Dmitri Garbuzov and
               Steve Zdancewic and
               Viktor Vafeiadis},
  title     = {A formal {C} memory model supporting integer-pointer casts},
  booktitle = {Proceedings of the 36th {ACM} {SIGPLAN} Conference on Programming
               Language Design and Implementation, Portland, OR, USA, June 15-17,
               2015},
  pages     = {326--335},
  year      = {2015},
  url       = {http://doi.acm.org/10.1145/2737924.2738005},
  doi       = {10.1145/2737924.2738005},
  timestamp = {Fri, 05 Jun 2015 07:31:54 +0200},
  biburl    = {http://dblp.uni-trier.de/rec/bib/conf/pldi/KangHMGZV15},
  bibsource = {dblp computer science bibliography, http://dblp.org}
}

@techreport{leroy:hal-00703441,
  TITLE = {{The CompCert Memory Model, Version 2}},
  AUTHOR = {Leroy, Xavier and Appel, Andrew W. and Blazy, Sandrine and Stewart, Gordon},
  URL = {https://hal.inria.fr/hal-00703441},
  TYPE = {Research Report},
  NUMBER = {RR-7987},
  PAGES = {26},
  INSTITUTION = {{INRIA}},
  YEAR = {2012},
  MONTH = Jun,
  KEYWORDS = {Memory models ; formal semantics ; verified compilation ; CompCert},
  PDF = {https://hal.inria.fr/hal-00703441/file/RR-7987.pdf},
  HAL_ID = {hal-00703441},
  HAL_VERSION = {v1},
}

@inproceedings{DBLP:conf/itp/BessonBW15,
  author    = {Fr{\'{e}}d{\'{e}}ric Besson and
               Sandrine Blazy and
               Pierre Wilke},
  title     = {A Concrete Memory Model for CompCert},
  booktitle = {Interactive Theorem Proving - 6th International Conference, {ITP}
               2015, Nanjing, China, August 24-27, 2015, Proceedings},
  pages     = {67--83},
  year      = {2015},
  url       = {https://doi.org/10.1007/978-3-319-22102-1_5},
  doi       = {10.1007/978-3-319-22102-1_5},
  timestamp = {Sun, 21 May 2017 00:18:59 +0200},
  biburl    = {http://dblp.uni-trier.de/rec/bib/conf/itp/BessonBW15},
  bibsource = {dblp computer science bibliography, http://dblp.org}
}

@inproceedings{besson:hal-01093312,
  TITLE = {{A Precise and Abstract Memory Model for C Using Symbolic Values}},
  AUTHOR = {Besson, Fr{\'e}d{\'e}ric and Blazy, Sandrine and Wilke, Pierre},
  URL = {https://hal.inria.fr/hal-01093312},
  BOOKTITLE = {{12th Asian Symposium on Programming Languages and Systems (APLAS 2014)}},
  ADDRESS = {Singapore, Singapore},
  PUBLISHER = {{Springer}},
  SERIES = {LNCS},
  VOLUME = {8858},
  PAGES = {449 - 468},
  YEAR = {2014},
  DOI = {10.1007/978-3-319-12736-1\_24},
  PDF = {https://hal.inria.fr/hal-01093312/file/symbolic.pdf},
  HAL_ID = {hal-01093312},
  HAL_VERSION = {v1},
}

@incollection{DBLP:series/natosec/OHearn12,
  author    = {Peter W. O'Hearn},
  title     = {A Primer on Separation Logic (and Automatic Program Verification and
               Analysis)},
  booktitle = {Software Safety and Security - Tools for Analysis and Verification},
  pages     = {286--318},
  year      = {2012},
  url       = {https://doi.org/10.3233/978-1-61499-028-4-286},
  doi       = {10.3233/978-1-61499-028-4-286},
  timestamp = {Tue, 16 May 2017 14:24:21 +0200},
  biburl    = {http://dblp.uni-trier.de/rec/bib/series/natosec/OHearn12},
  bibsource = {dblp computer science bibliography, http://dblp.org}
}

@inproceedings{DBLP:conf/icfp/NeisHKMDV15,
  author    = {Georg Neis and
               Chung{-}Kil Hur and
               Jan{-}Oliver Kaiser and
               Craig McLaughlin and
               Derek Dreyer and
               Viktor Vafeiadis},
  title     = {Pilsner: a compositionally verified compiler for a higher-order imperative
               language},
  booktitle = {Proceedings of the 20th {ACM} {SIGPLAN} International Conference on
               Functional Programming, {ICFP} 2015, Vancouver, BC, Canada, September
               1-3, 2015},
  pages     = {166--178},
  year      = {2015},
  url       = {http://doi.acm.org/10.1145/2784731.2784764},
  doi       = {10.1145/2784731.2784764},
  timestamp = {Tue, 08 Sep 2015 09:24:11 +0200},
  biburl    = {http://dblp.uni-trier.de/rec/bib/conf/icfp/NeisHKMDV15},
  bibsource = {dblp computer science bibliography, http://dblp.org}
}

@inproceedings{DBLP:conf/itp/KrebbersLW14,
  author    = {Robbert Krebbers and
               Xavier Leroy and
               Freek Wiedijk},
  title     = {Formal {C} Semantics: CompCert and the {C} Standard},
  booktitle = {Interactive Theorem Proving - 5th International Conference, {ITP}
               2014, Held as Part of the Vienna Summer of Logic, {VSL} 2014, Vienna,
               Austria, July 14-17, 2014. Proceedings},
  pages     = {543--548},
  year      = {2014},
  url       = {https://doi.org/10.1007/978-3-319-08970-6_36},
  doi       = {10.1007/978-3-319-08970-6_36},
  timestamp = {Sun, 21 May 2017 00:18:59 +0200},
  biburl    = {http://dblp.uni-trier.de/rec/bib/conf/itp/KrebbersLW14},
  bibsource = {dblp computer science bibliography, http://dblp.org}
}

@article{DBLP:journals/cacm/Leroy09,
  author    = {Xavier Leroy},
  title     = {Formal verification of a realistic compiler},
  journal   = {Commun. {ACM}},
  volume    = {52},
  number    = {7},
  pages     = {107--115},
  year      = {2009},
  url       = {http://doi.acm.org/10.1145/1538788.1538814},
  doi       = {10.1145/1538788.1538814},
  timestamp = {Thu, 02 Jul 2009 13:36:32 +0200},
  biburl    = {http://dblp.uni-trier.de/rec/bib/journals/cacm/Leroy09},
  bibsource = {dblp computer science bibliography, http://dblp.org}
}

@inproceedings{DBLP:conf/pldi/YangCER11,
  author    = {Xuejun Yang and
               Yang Chen and
               Eric Eide and
               John Regehr},
  title     = {Finding and understanding bugs in {C} compilers},
  booktitle = {Proceedings of the 32nd {ACM} {SIGPLAN} Conference on Programming
               Language Design and Implementation, {PLDI} 2011, San Jose, CA, USA,
               June 4-8, 2011},
  pages     = {283--294},
  year      = {2011},
  url       = {http://doi.acm.org/10.1145/1993498.1993532},
  doi       = {10.1145/1993498.1993532},
  timestamp = {Mon, 05 Jun 2017 12:39:37 +0200},
  biburl    = {http://dblp.uni-trier.de/rec/bib/conf/pldi/YangCER11},
  bibsource = {dblp computer science bibliography, http://dblp.org}
}